<record><leader>00000cas a2200000 a 4500</leader><controlfield tag="001">10519355</controlfield><controlfield tag="008">840314d18781892nbudr ne      0    0eng  </controlfield><datafield ind1=" " ind2=" " tag="010"><subfield code="a">sn 84020257 </subfield></datafield><datafield ind1=" " ind2=" " tag="040"><subfield code="a">DLC</subfield><subfield code="b">eng</subfield><subfield code="c">DLC</subfield><subfield code="d">NPX</subfield><subfield code="d">NPT</subfield><subfield code="d">MGN</subfield><subfield code="d">NVF</subfield><subfield code="d">NVG</subfield><subfield code="d">OCL</subfield><subfield code="d">CUS</subfield></datafield><datafield ind1=" " ind2=" " tag="042"><subfield code="a">msc</subfield></datafield><datafield ind1=" " ind2=" " tag="043"><subfield code="a">n-us-nb</subfield></datafield><datafield ind1="0" ind2="0" tag="050"><subfield code="a">Newspaper</subfield></datafield><datafield ind1="1" ind2="4" tag="050"><subfield code="a">AN</subfield></datafield><datafield ind1="0" ind2="4" tag="245"><subfield code="a">The daily Nebraska state journal.</subfield></datafield><datafield ind1="1" ind2="3" tag="246"><subfield code="a">Daily state journal</subfield><subfield code="f">May, 1878-July 31, 1886</subfield></datafield><datafield ind1="1" ind2="3" tag="246"><subfield code="a">Daily journal</subfield><subfield code="f">Aug. 1, 1886-Dec. 4, 1892</subfield></datafield><datafield ind1=" " ind2=" " tag="260"><subfield code="a">Lincoln, Neb. :</subfield><subfield code="b">[State Journal Co.],</subfield><subfield code="c">1878-1892.</subfield></datafield><datafield ind1=" " ind2=" " tag="300"><subfield code="a">16 volumes :</subfield><subfield code="b">illustrations (chiefly advertisements) ;</subfield><subfield code="c">59 cm.</subfield></datafield><datafield ind1=" " ind2=" " tag="310"><subfield code="a">Daily,</subfield><subfield code="b">Nov. 28, 1887-1892</subfield></datafield><datafield ind1=" " ind2=" " tag="321"><subfield code="a">Daily (except Mon.),</subfield><subfield code="b">1878-Nov. 27, 1887</subfield></datafield><datafield ind1=" " ind2=" " tag="336"><subfield code="a">text</subfield><subfield code="b">txt</subfield><subfield code="2">rdacontent</subfield></datafield><datafield ind1=" " ind2=" " tag="337"><subfield code="a">unmediated</subfield><subfield code="b">n</subfield><subfield code="2">rdamedia</subfield></datafield><datafield ind1=" " ind2=" " tag="338"><subfield code="a">volume</subfield><subfield code="b">nc</subfield><subfield code="2">rdacarrier</subfield></datafield><datafield ind1="0" ind2=" " tag="362"><subfield code="a">8th year, no. 240 (May 3, 1878)-23rd year, no. 105 (Dec. 4, 1892).</subfield></datafield><datafield ind1=" " ind2=" " tag="580"><subfield code="a">Weekly ed.: Nebraska state journal (Lincoln, Neb.), 1878; Weekly Nebraska state journal, 1878-1891.</subfield></datafield><datafield ind1=" " ind2=" " tag="580"><subfield code="a">Semiweekly ed.: Semi-weekly Nebraska state journal, 1891-1892.</subfield></datafield><datafield ind1=" " ind2=" " tag="752"><subfield code="a">United States</subfield><subfield code="b">Nebraska</subfield><subfield code="c">Lancaster</subfield><subfield code="d">Lincoln.</subfield></datafield><datafield ind1="1" ind2=" " tag="775"><subfield code="t">Nebraska state journal (Lincoln, Neb.)</subfield><subfield code="w">(DLC)sn 84022732</subfield><subfield code="w">(OCoLC)10554485</subfield></datafield><datafield ind1="1" ind2=" " tag="775"><subfield code="t">Weekly Nebraska state journal</subfield><subfield code="w">(DLC)sn 84020245</subfield><subfield code="w">(OCoLC)10498494</subfield></datafield><datafield ind1="1" ind2=" " tag="775"><subfield code="t">Semi-weekly Nebraska state journal</subfield><subfield code="w">(DLC)sn 86063431</subfield><subfield code="w">(OCoLC)13363736</subfield></datafield><datafield ind1="0" ind2="0" tag="780"><subfield code="t">Daily state journal (Lincoln, Neb.)</subfield><subfield code="w">(DLC)sn 84022731</subfield><subfield code="w">(OCoLC)10554396</subfield></datafield><datafield ind1="0" ind2="0" tag="785"><subfield code="t">Nebraska state journal</subfield><subfield code="w">(DLC)sn 84020258</subfield><subfield code="w">(OCoLC)10520456</subfield></datafield></record>